@misc{t2013,
  title={Computer Networks: Pearson New International Edition},
  author={Tanenbaum, AS and Wetherall, DJ},
  year={2013},
  publisher={Pearson custom library. Pearson Education, Limited}
}

@book{kurose2010,
	title={Redes de Computadores ea Internet: uma abordagem top-down},
	author={Kurose, James F and Ross, Keith W and Marques, Arlete Simille and Zucchi, Wagner Luiz},
	year={2010},
	publisher={Pearson}
}

@book{marin2014cabeamento,
	title={Cabeamento Estruturado},
	author={Marin, Paulo S{\'e}rgio},
	year={2014},
	publisher={Saraiva Educa{\c{c}}{\~a}o SA}
}

@book{senai2012,
title={Cabeamento Estruturado},
author={SENAI},
year={2012},
publisher={Núcleo de Educação a Distância do SENAI de
Santa Catarina}
}

